<record><leader>00000cas a22000007a 4500</leader><controlfield tag="001">11627499</controlfield><controlfield tag="008">850128c19129999iaudn ne      0   a0eng d</controlfield><datafield ind1=" " ind2=" " tag="010"><subfield code="a">sn 85000363 </subfield></datafield><datafield ind1=" " ind2=" " tag="040"><subfield code="a">NSD</subfield><subfield code="b">eng</subfield><subfield code="c">NSD</subfield><subfield code="d">INP</subfield><subfield code="d">NSD</subfield><subfield code="d">OCLCQ</subfield></datafield><datafield ind1=" " ind2=" " tag="012"><subfield code="j">0</subfield><subfield code="m">1</subfield></datafield><datafield ind1="1" ind2=" " tag="022"><subfield code="a">8756-6400</subfield><subfield code="l">8756-6400</subfield><subfield code="2">1</subfield></datafield><datafield ind1=" " ind2=" " tag="032"><subfield code="a">036220</subfield><subfield code="b">USPS</subfield></datafield><datafield ind1=" " ind2=" " tag="042"><subfield code="a">nsdp</subfield></datafield><datafield ind1=" " ind2="0" tag="222"><subfield code="a">Atlantic news-telegraph</subfield></datafield><datafield ind1="0" ind2="0" tag="245"><subfield code="a">Atlantic news-telegraph.</subfield></datafield><datafield ind1=" " ind2=" " tag="260"><subfield code="a">Atlantic, Iowa :</subfield><subfield code="b">News Pub. Co.,</subfield><subfield code="c">1912-</subfield></datafield><datafield ind1=" " ind2=" " tag="300"><subfield code="a">v.</subfield></datafield><datafield ind1=" " ind2=" " tag="310"><subfield code="a">Daily (except Saturday, Sunday and six holidays),</subfield><subfield code="b">1985-</subfield></datafield><datafield ind1=" " ind2=" " tag="321"><subfield code="a">Daily (except Sunday),</subfield><subfield code="b">1912-1984</subfield></datafield><datafield ind1="0" ind2=" " tag="362"><subfield code="a">Vol. 33, no. 223 (Jan. 2, 1912)-</subfield></datafield><datafield ind1=" " ind2=" " tag="500"><subfield code="a">"Historical and industrial issue" published Dec. 5, 1929.</subfield></datafield><datafield ind1=" " ind2=" " tag="500"><subfield code="a">"Centennial edition" published as Vol. 97, no. 99 (June 8, 1968).</subfield></datafield><datafield ind1=" " ind2=" " tag="500"><subfield code="a">Publisher varies.</subfield></datafield><datafield ind1=" " ind2=" " tag="500"><subfield code="a">Original editor: Chas. F. Chase.</subfield></datafield><datafield ind1=" " ind2=" " tag="752"><subfield code="a">United States</subfield><subfield code="b">Iowa</subfield><subfield code="c">Cass</subfield><subfield code="d">Atlantic.</subfield></datafield><datafield ind1="0" ind2="4" tag="780"><subfield code="t">Atlantic evening news</subfield><subfield code="w">(DLC)sn 85049633</subfield></datafield><datafield ind1="0" ind2="4" tag="780"><subfield code="t">Atlantic daily telegraph (Atlantic, Iowa : 1911)</subfield><subfield code="w">(DLC)sn 85049636</subfield></datafield><datafield ind1="1" ind2=" " tag="029"><subfield code="a">AU@</subfield><subfield code="b">000025839942</subfield></datafield></record>